@book{Morin2008,
  author    = {David Morin},
  publisher = {Cambridge University Press},
  title     = {Introduction to Classical Mechanics: With Problems and Solutions},
  isbn      = {9780521876223},
  year      = {2008}
}

@misc{714029,
  title        = {Can Kepler's laws be used to derive Newton's gravitation formula?},
  author       = {Integral fan (https://physics.stackexchange.com/users/337341/integral-fan)},
  howpublished = {Physics Stack Exchange},
  note         = {(version: 2022-06-16)},
  url          = {https://physics.stackexchange.com/q/714029}
}

@misc{714150,
  title        = {Can Kepler&#39;s laws be used to derive Newton&#39;s gravitation formula?},
  author       = {jawheele (https://physics.stackexchange.com/users/153305/jawheele)},
  howpublished = {Physics Stack Exchange},
  note         = {URL:https://physics.stackexchange.com/q/714150 (version: 2022-06-16)},
  eprint       = {https://physics.stackexchange.com/q/714150},
  url          = {https://physics.stackexchange.com/q/714150}
}

@book{French1971,
  title     = {Newtonian Mechanics},
  author    = {A. P. French},
  publisher = {W. W. Norton \& Company},
  isbn      = {9780177610752},
  year      = {1971},
  series    = {},
  edition   = {2},
  volume    = {}
}

@article{Katsikadelis2017,
 doi       = {10.1007/s00419-017-1245-x},
 title     = {Derivation of Newton’s law of motion from Kepler’s laws of planetary motion},
 author    = {John T. Katsikadelis},
 publisher = {Springer},
 journal   = {Archive of Applied Mechanics},
 issn      = {0939-1533,1432-0681},
 year      = {2017},
 url       = {http://doi.org/10.1007/s00419-017-1245-x}
} 

@article{wilson1970kepler,
  title={From Kepler's laws, so-called, to universal gravitation: empirical factors},
  author={Wilson, Curtis A},
  journal={Archive for history of exact sciences},
  volume={6},
  number={2},
  pages={89--170},
  year={1970},
  publisher={JSTOR}
}

@article{Cohen1981,
 ISSN = {00368733, 19467087},
 URL = {http://www.jstor.org/stable/24964334},
 author = {I. Bernard Cohen},
 journal = {Scientific American},
 number = {3},
 pages = {166--181},
 publisher = {Scientific American, a division of Nature America, Inc.},
 title = {Newton's Discovery of Gravity},
 urldate = {2023-11-20},
 volume = {244},
 year = {1981}
}

@misc{Widnall2008,
    author = {S. Widnall, J. Peraire},
    title = {Lecture L5 - Other Coordinate Systems},
    year = {2008},
    URL = {https://ocw.mit.edu/courses/16-07-dynamics-fall-2009/57081b546fff23e6b88dbac0ab859c7d_MIT16_07F09_Lec05.pdf},
    note = {Version 2.0; accessed 4-December-2023}
}

@book{kepler1619,
    author = {Johannes Kepler},
    title = {The Harmony of the World},
    publisher = {Linz},
    year = {1619}
}